@Misc{bibtexeg,
		title        = {\href{https://www.exceldryer.com/wp-content/uploads/pdf/ExcelDryer_Quantis_EPD_XLERATOR.pdf}{XLERATOR HAND DRYER: Environmental Product Decleration}},
        year         = {2013},
        author		 = {},
        howpublished ={{https://www.exceldryer.com/wp-content/uploads/pdf/ExcelDryer\_Quantis\_EPD\_XLERATOR.pdf}}
}
